@book {humphreys_lie_algebras,
    AUTHOR = {Humphreys, James E.},
     TITLE = {Introduction to {L}ie algebras and representation theory},
    SERIES = {Graduate Texts in Mathematics},
    VOLUME = {9},
      NOTE = {Second printing, revised},
 PUBLISHER = {Springer-Verlag},
   ADDRESS = {New York},
      YEAR = {1978},
     PAGES = {xii+171},
      ISBN = {0-387-90053-5},
   MRCLASS = {17Bxx},
  MRNUMBER = {499562 (81b:17007)},
MRREVIEWER = {I. P. Shestakov},
}

@book {bourbaki_4-6,
    AUTHOR = {Bourbaki, Nicolas},
     TITLE = {Lie groups and {L}ie algebras. {C}hapters 4--6},
    SERIES = {Elements of Mathematics (Berlin)},
      NOTE = {Translated from the 1968 French original by Andrew Pressley},
 PUBLISHER = {Springer-Verlag, Berlin},
      YEAR = {2002},
     PAGES = {xii+300},
      ISBN = {3-540-42650-7},
   MRCLASS = {17-01 (00A05 20E42 20F55 22-01)},
  MRNUMBER = {1890629},
       URL = {https://doi.org/10.1007/978-3-540-89394-3},
}

@book {springer_book,
    AUTHOR = {Springer, Tonny A.},
     TITLE = {Linear algebraic groups},
    SERIES = {Progress in Mathematics},
    VOLUME = 9,
   EDITION = {Second},
 PUBLISHER = {Birkh\"auser Boston Inc.},
   ADDRESS = {Boston, MA},
      YEAR = 1998,
     PAGES = {xiv+334},
      ISBN = {0-8176-4021-5},
   MRCLASS = {20G15 (14L10)},
  MRNUMBER = {MR1642713 (99h:20075)},
MRREVIEWER = {Andy R. Magid},
}
		

@book {borel_algebraic_groups,
    AUTHOR = {Borel, Armand},
     TITLE = {Linear algebraic groups},
    SERIES = {Graduate Texts in Mathematics},
    VOLUME = {126},
   EDITION = {Second},
 PUBLISHER = {Springer-Verlag},
   ADDRESS = {New York},
      YEAR = {1991},
     PAGES = {xii+288},
      ISBN = {0-387-97370-2},
   MRCLASS = {20-01 (20Gxx)},
  MRNUMBER = {1102012 (92d:20001)},
MRREVIEWER = {F. D. Veldkamp},
       DOI = {10.1007/978-1-4612-0941-6},
       URL = {http://dx.doi.org/10.1007/978-1-4612-0941-6},
}